@book{aiw,
    title = "Alice's Adventures in Wonderland",
    author = "Lewis Carroll",
    publisher = "George MacDonald",
    year = 1865
}


@online{techxWebsite,
    title        = {About SCB TechX},
    organization = {SCB TechX},
    url          = {https://scbtechx.io/th/about-us/},
}

@online{techxProduct,
    title        = {Innovative Products},
    organization = {SCB TechX},
    url          = {https://scbtechx.io/th/services-products/},
}

@online{whatIsKYC,
    title        = {What is KYC},
    organization = {TMBThanachart Bank},
    url          = {https://www.ttbbank.com/th/corporate/corp-digital-banking-and-other-services/other-service-crop/kyc-cdd},
}

@online{docker,
    title        = {Docker},
    organization = {Docker},
    url          = {https://www.docker.com/}
}

@online{cicd,
    title        = {CI/CD},
    organization = {Red Hat},
    url          = {https://www.redhat.com/en/topics/devops/what-is-ci-cd}
}